<?xml version="1.0" encoding="UTF-8"?><collection xmlns="http://www.loc.gov/MARC21/slim"><record><leader>00393nam--2200133-i-4500</leader><controlfield tag="001">000026096</controlfield><controlfield tag="002">20161230</controlfield><controlfield tag="005">20161230201036</controlfield><controlfield tag="008">060222s1000------------r-----000-0-eng-d</controlfield><datafield ind1=" " ind2=" " tag="080"><subfield code="a">621.039.58(083.7)</subfield></datafield><datafield ind1=" " ind2=" " tag="245"><subfield code="a">Iaea nuclear safety stadards (nuss) for land-based nuclear power plants with thermal neutron reactors</subfield></datafield><datafield ind1=" " ind2=" " tag="260"><subfield code="a">Vienna, Iaea, 1983. 20p</subfield></datafield><datafield ind1=" " ind2=" " tag="490"><subfield code="a">Safety Series</subfield></datafield><datafield ind1=" " ind2=" " tag="852"><subfield code="a">11497</subfield></datafield></record></collection>